% Artículos
@article{Koditschek21,
  author = "Koditschek, Daniel E.",
  year = "2021",
  title = "What {I}s {R}obotics? {W}hy {D}o {W}e {N}eed {I}t and {H}ow {C}an {W}e {G}et {I}t?",
  journal = "Annual Review of Control, Robotics, and Autonomous Systems",
  volume = "4",
  number = "1",
  pages = "1-33",
  doi = "10.1146/annurev-control-080320-011601",
  ISNN = "2573-5144",
  http = "https://doi.org/10.1146/annurev-control-080320-011601",
}

@article{Kraevsky10,
  author = "Kraevsky, S.V. AND Rogatkin, D.A.",
  year = "2010",
  title = "Medical robotics: the first steps of medical robots",
  journal = "Russian Journal: Technologies of live systems ",
  volume = "7",
  number = "4",
  pages = "3-14",
  http = "http://www.medphyslab.com/index.php/ru/",
}

@article{Sanchez07a,
   title = "Historia de la robótica: de {A}rquitas de {T}arento al robot {D}a {V}inci ({P}arte {I})",
   journal = "Actas {U}rológicas {E}spañolas",
   author="Sánchez Martín, F.M. AND Millán Rodríguez, F. AND Salvador Bayarri, J. AND Palou Redorta, J. AND Rodríguez Escovar, F. AND Esquena Fernández, S. AND Villavicencio Mavrich, H.",
   ISSN = "0210-4806",
   language = "es",
   URL = "http://scielo.isciii.es/scielo.php?script=sci_arttext&pid=S0210-48062007000200001&nrm=iso",
   volume = "31",
   year = "2007",
   month = "02",
   pages = "69 - 76",
   publisher = "scieloes",
}

@article{Sanchez07b,
  title = "Historia de la robótica: de {A}rquitas de {T}arento al {R}obot {D}a {V}inci. ({P}arte {II})",
  journal = "Actas {U}rológicas {E}spañolas",
  author="Sánchez Martín, F.M. AND Millán Rodríguez, F. AND Salvador Bayarri, J. AND Palou Redorta, J. AND Rodríguez Escovar, F. AND Esquena Fernández, S. AND Villavicencio Mavrich, H.",
  doi = "https://doi.org/10.1016/S0210-4806(07)73624-0",
  ISSN = "0210-4806",
  language = "es",
  URL = "http://scielo.isciii.es/scielo.php?script=sci_arttext&pid=S0210-48062007000300002&nrm=iso",
  volume = "31",
  year = "2007",
  month = "03",
  pages = "185-196",
  publisher = "scieloes",
}
  
@article{Raj19,
  title = "Primer on artificial intelligence and robotics",
  journal = "Journal of {O}rganization {D}esign",
  author="Raj, Manav AND Seamans, Robert",
  doi = "https://doi.org/10.1186/s41469-019-0050-0",
  ISSN = "2245-408X",
  language = "en",
  URL = "https://rdcu.be/dh0JW",
  volume = "8",
  year = "2019",
  month = "05",
  pages = "1-14",
  publisher = "SpringerOpen Journal",
}
   
@article{Mokyr15,
  title = "The {H}istory of {T}echnological {A}nxiety and the {F}uture of {E}conomic {G}rowth: {I}s {T}his {T}ime {D}ifferent?",
  journal = "Journal of {E}conomic {P}erspectives",
  author = "Mokyr, Joel and Vickers, Chris and Ziebarth, Nicolas L.",
  doi = "10.1257/jep.29.3.31",
  language = "en",
  URL = "https://www.aeaweb.org/articles?id=10.1257/jep.29.3.31",
  volume = "29",
  year = "2015",
  month = "September",
  pages = "31-50",
  number = "3",
  publisher = "American {E}conomic {A}ssociation",
}
  
% Capìtulo de libro
@inbook{ISO8373,
  author = "ISO/TC299",
  year = "2021",
  title = "{ISO} 8373:2021 {R}obotics — {V}ocabulary",
  publisher = "International Organization for Standardization",
  pages = "1-22",
  month = "November",
  http = "https://www.iso.org/standard/75539.html",
  note = "Only informative sections of standards are publicly available",
}

