@article{Koditschek21,
  author = "Koditschek, Daniel E.",
  year = "2021",
  title = "What Is Robotics? Why Do We Need It and How Can We Get It?",
  journal = "Annual Review of Control, Robotics, and Autonomous Systems",
  volume = "4",
  number = "1",
  pages = "1-33",
  doi = "10.1146/annurev-control-080320-011601",
  isnn = "2573-5144"
  http = "https://doi.org/10.1146/annurev-control-080320-011601",
}


